
@techreport{Arter_Equations_2023,
	title = {Equations for {ExCALIBUR}/{NEPTUNE} {Proxyapps}},
	institution = {UKAEA},
	author = {W. Arter},
	editor = {R. Akers},
	month = mar,
	year = {2023}
}

@book{Stangeby_Plasma_2000,
	edition = {1},
	title = {The {Plasma} {Boundary} of {Magnetic} {Fusion} {Devices}},
	url = {https://doi.org/10.1201/9780367801489},
	publisher = {CRC Press},
	author = {P. C. Stangeby},
	year = {2000}
}